@ARTICLE{aochi_ide_2009,
   author = {{Aochi}, H. and {Ide}, S.},
    title = "{Complexity in earthquake sequences controlled by multiscale heterogeneity in fault fracture energy}",
  journal = {Journal of Geophysical Research (Solid Earth)},
 keywords = {Seismology: Earthquake dynamics (1242), Seismology: Theory, Seismology: Computational seismology, Seismology: Earthquake interaction, forecasting, and prediction (1217, 1242), earthquakes, multiscale heterogeneity, dynamic rupture},
     year = 2009,
    month = mar,
   volume = 114,
      eid = {B03305},
    pages = {B03305},
      doi = {10.1029/2008JB006034},
   adsurl = {http://adsabs.harvard.edu/abs/2009JGRB..114.3305A},
  adsnote = {Provided by the SAO/NASA Astrophysics Data System}
}

@ARTICLE{cochran_2009,
   author = {{Cochran}, E.~S. and {Li}, Y.-G. and {Shearer}, P.~M. and {Barbot}, S. and 
	{Fialko}, Y. and {Vidale}, J.~E.},
    title = "{Seismic and geodetic evidence for extensive, long-lived fault damage zones}",
  journal = {Geology},
     year = 2009,
    month = apr,
   volume = 37,
    pages = {315-318},
      doi = {10.1130/G25306A.1},
   adsurl = {http://adsabs.harvard.edu/abs/2009Geo....37..315C},
  adsnote = {Provided by the SAO/NASA Astrophysics Data System}
}

@ARTICLE{hillers_2006,
   author = {{Hillers}, G. and {Ben-Zion}, Y. and {Mai}, P.~M.},
    title = "{Seismicity on a fault controlled by rate- and state-dependent friction with spatial variations of the critical slip distance}",
  journal = {Journal of Geophysical Research (Solid Earth)},
 keywords = {Nonlinear Geophysics: Complex systems, Seismology: Computational seismology, Structural Geology: Rheology and friction of fault zones (8163), Tectonophysics: Dynamics and mechanics of faulting (8004), rate and state friction, critical slip distance distribution, seismicity evolution},
     year = 2006,
    month = jan,
   volume = 111,
      eid = {B01403},
    pages = {B01403},
      doi = {10.1029/2005JB003859},
   adsurl = {http://adsabs.harvard.edu/abs/2006JGRB..111.1403H},
  adsnote = {Provided by the SAO/NASA Astrophysics Data System}
}

@article{huang_ampuero_2011,
author = {Huang, Yihe and Ampuero, Jean-Paul},
title = {Pulse-like ruptures induced by low-velocity fault zones},
journal = {Journal of Geophysical Research: Solid Earth},
volume = {116},
number = {B12},
pages = {},
year = {2011}
keywords = {dynamic rupture, ground motion, low-velocity fault zone, slip pulse},
doi = {10.1029/2011JB008684},
url = {https://agupubs.onlinelibrary.wiley.com/doi/abs/10.1029/2011JB008684},
eprint = {https://agupubs.onlinelibrary.wiley.com/doi/pdf/10.1029/2011JB008684},
}

@ARTICLE{jiang_lapusta_2016,
   author = {Jiang, Junle and Lapusta, Nadia},
    title = {Deeper penetration of large earthquakes on seismically quiescent faults},
  journal = {Science},
     year = 2016,
    month = jun,
   volume = 352,
    pages = {1293-1297},
      doi = {10.1126/science.aaf1496},
   adsurl = {http://adsabs.harvard.edu/abs/2016Sci...352.1293J},
  adsnote = {Provided by the SAO/NASA Astrophysics Data System}
}

@ARTICLE{kaneko_2011,
   author = {{Kaneko}, Y. and {Ampuero}, J.-P. and {Lapusta}, N.},
    title = "{Spectral-element simulations of long-term fault slip: Effect of low-rigidity layers on earthquake-cycle dynamics}",
  journal = {Journal of Geophysical Research (Solid Earth)},
 keywords = {earthquake cycle dynamics, earthquake source physics, fault damage zones, numerical simulations, rate and state friction, Seismology: Earthquake dynamics (1242), Seismology: Computational seismology, Tectonophysics: Dynamics and mechanics of faulting (8004), Tectonophysics: Rheology and friction of fault zones (8034)},
     year = 2011,
    month = oct,
   volume = 116,
   number = B15,
      eid = {B10313},
    pages = {B10313},
      doi = {10.1029/2011JB008395},
   adsurl = {http://adsabs.harvard.edu/abs/2011JGRB..11610313K},
  adsnote = {Provided by the SAO/NASA Astrophysics Data System}
}

@article {barbot_2012,
	author = {Barbot, Sylvain and Lapusta, Nadia and Avouac, Jean-Philippe},
	title = {Under the Hood of the Earthquake Machine: Toward Predictive Modeling of the Seismic Cycle},
	volume = {336},
	number = {6082},
	pages = {707--710},
	year = {2012},
	doi = {10.1126/science.1218796},
	publisher = {American Association for the Advancement of Science},
	issn = {0036-8075},
	URL = {http://science.sciencemag.org/content/336/6082/707},
	eprint = {http://science.sciencemag.org/content/336/6082/707.full.pdf},
	journal = {Science}
}

@article{lapusta_2000,
author = {Lapusta, Nadia and Rice, James R. and Ben-Zion, Yehuda and Zheng, Gutuan},
title = {Elastodynamic analysis for slow tectonic loading with spontaneous rupture episodes on faults with rate- and state-dependent friction},
journal = {Journal of Geophysical Research: Solid Earth},
volume = {105},
number = {B10},
pages = {23765-23789},
doi = {10.1029/2000JB900250},
url = {https://agupubs.onlinelibrary.wiley.com/doi/abs/10.1029/2000JB900250},
eprint = {https://agupubs.onlinelibrary.wiley.com/doi/pdf/10.1029/2000JB900250},
year = {2000}
}

@article{page_felzer_2015,
author = {Page, Morgan and Felzer, Karen},
title = {Southern San Andreas Fault Seismicity is Consistent with the Gutenberg–Richter Magnitude–Frequency DistributionSouthern San Andreas Fault Seismicity is Consistent with the Gutenberg–Richter Magnitude–Frequency Distribution},
journal = {Bulletin of the Seismological Society of America},
volume = {105},
number = {4},
pages = {2070},
year = {2015},
doi = {10.1785/0120140340},
URL = {http://dx.doi.org/10.1785/0120140340},
eprint = {/gsw/content_public/journal/bssa/105/4/10.1785_0120140340/3/2070.pdf}
}

@article{ma_elbanna_2015,
  title={Effect of off-fault low-velocity elastic inclusions on supershear rupture dynamics},
  author={Ma, Xiao and Elbanna, AE},
  journal={Geophysical Journal International},
  volume={203},
  number={1},
  pages={664--677},
  year={2015},
  publisher={Oxford University Press}
}


@Article{peng_2006,
author="Peng, Zhigang
and Ben-Zion, Yehuda",
title="Temporal Changes of Shallow Seismic Velocity Around the Karadere-D{\"u}zce Branch of the North Anatolian Fault and Strong Ground Motion",
journal="pure and applied geophysics",
year="2006",
month="Mar",
day="01",
volume="163",
number="2",
pages="567--600",
issn="1420-9136",
doi="10.1007/s00024-005-0034-6",
url="https://doi.org/10.1007/s00024-005-0034-6"
}

@article{perrin_2016,
author = {Perrin, Clément and Manighetti, Isabelle and Ampuero, Jean-Paul and Cappa, Frédéric and Gaudemer, Yves},
title = {Location of largest earthquake slip and fast rupture controlled by along-strike change in fault structural maturity due to fault growth},
journal = {Journal of Geophysical Research: Solid Earth},
volume = {121},
number = {5},
pages = {3666-3685},
keywords = {earthquake slip, fault properties, fault structural maturity, rupture speed, off-fault damage, fault strength},
doi = {10.1002/2015JB012671},
url = {https://agupubs.onlinelibrary.wiley.com/doi/abs/10.1002/2015JB012671},
eprint = {https://agupubs.onlinelibrary.wiley.com/doi/pdf/10.1002/2015JB012671},
year = {2016}
}

@article{benzion_2001,
  title={Dynamic ruptures in recent models of earthquake faults},
  author={Ben-Zion, Yehuda},
  journal={Journal of the Mechanics and Physics of Solids},
  volume={49},
  number={9},
  pages={2209--2244},
  year={2001},
  publisher={Elsevier}
}


@article{ruina_1983,
author = {Ruina, Andy},
title = {Slip instability and state variable friction laws},
journal = {Journal of Geophysical Research: Solid Earth},
volume = {88},
number = {B12},
pages = {10359-10370},
doi = {10.1029/JB088iB12p10359},
url = {https://agupubs.onlinelibrary.wiley.com/doi/abs/10.1029/JB088iB12p10359},
eprint = {https://agupubs.onlinelibrary.wiley.com/doi/pdf/10.1029/JB088iB12p10359},
year = {1983}
}

@article{rundle_1989,
author = {Rundle, John B.},
title = {A physical model for earthquakes: 3. Thermodynamical approach and its relation to nonclassical theories of nucleation},
journal = {Journal of Geophysical Research: Solid Earth},
volume = {94},
number = {B3},
pages = {2839-2855},
doi = {10.1029/JB094iB03p02839},
url = {https://agupubs.onlinelibrary.wiley.com/doi/abs/10.1029/JB094iB03p02839},
eprint = {https://agupubs.onlinelibrary.wiley.com/doi/pdf/10.1029/JB094iB03p02839},
year = {1989}
}

@article{schwartz_coppersmith_1984,
author = {Schwartz, David P. and Coppersmith, Kevin J.},
title = {Fault behavior and characteristic earthquakes: Examples from the Wasatch and San Andreas Fault Zones},
journal = {Journal of Geophysical Research: Solid Earth},
volume = {89},
number = {B7},
pages = {5681-5698},
doi = {10.1029/JB089iB07p05681},
url = {https://agupubs.onlinelibrary.wiley.com/doi/abs/10.1029/JB089iB07p05681},
eprint = {https://agupubs.onlinelibrary.wiley.com/doi/pdf/10.1029/JB089iB07p05681},
year = {1984}
}

@Article{stanchits_2006,
author="Stanchits, Sergei
and Vinciguerra, Sergio
and Dresen, Georg",
title="Ultrasonic Velocities, Acoustic Emission Characteristics and Crack Damage of Basalt and Granite",
journal="pure and applied geophysics",
year="2006",
month="Jun",
day="01",
volume="163",
number="5",
pages="975--994",
issn="1420-9136",
doi="10.1007/s00024-006-0059-5",
url="https://doi.org/10.1007/s00024-006-0059-5"
}

@article{wesnousky_1994,
author = {Wesnousky, Steven G.},
title = {The Gutenberg-Richter or characteristic earthquake distribution, which is it?},
journal = {Bulletin of the Seismological Society of America},
volume = {84},
number = {6},
pages = {1940},
year = {1994},
doi = {},
URL = {http://dx.doi.org/},
eprint = {/gsw/content_public/journal/bssa/84/6/0037110684060018/3/bssa0840061940.pdf}
}

@article{benzion_rice_1995,
author = {Ben-Zion, Yehuda and Rice, James R.},
title = {Slip patterns and earthquake populations along different classes of faults in elastic solids},
journal = {Journal of Geophysical Research: Solid Earth},
volume = {100},
number = {B7},
pages = {12959-12983},
doi = {10.1029/94JB03037},
url = {https://agupubs.onlinelibrary.wiley.com/doi/abs/10.1029/94JB03037},
eprint = {https://agupubs.onlinelibrary.wiley.com/doi/pdf/10.1029/94JB03037},
year = {1995}
}

@article{dieterich_1979,
author = {Dieterich, James H.},
title = {Modeling of rock friction: 1. Experimental results and constitutive equations},
journal = {Journal of Geophysical Research: Solid Earth},
volume = {84},
number = {B5},
pages = {2161-2168},
doi = {10.1029/JB084iB05p02161},
url = {https://agupubs.onlinelibrary.wiley.com/doi/abs/10.1029/JB084iB05p02161},
eprint = {https://agupubs.onlinelibrary.wiley.com/doi/pdf/10.1029/JB084iB05p02161},
year = {1979}
}

@article{mogi_1962,
  title={Magnitude-frequency relation for elastic shocks accompanying fractures of various materials and some related problems in earthquakes},
  author={Mogi, Kiyoo},
  journal={Bull. Earthq. Res. Inst.},
  volume={40},
  pages={831--853},
  year={1962}
}

@article{rundle_jackson_1977,
  title={Numerical simulation of earthquake sequences},
  author={Rundle, John B and Jackson, David D},
  journal={Bulletin of the Seismological Society of America},
  volume={67},
  number={5},
  pages={1363--1377},
  year={1977},
  publisher={The Seismological Society of America}
}

@article{scholz_1968,
  title={The frequency-magnitude relation of microfracturing in rock and its relation to earthquakes},
  author={Scholz, CH},
  journal={Bulletin of the seismological society of America},
  volume={58},
  number={1},
  pages={399--415},
  year={1968},
  publisher={The Seismological Society of America}
}

@article{scholz_1998,
  title={Earthquakes and friction laws},
  author={Scholz, Christopher H},
  journal={Nature},
  volume={391},
  number={6662},
  pages={37},
  year={1998},
  publisher={Nature Publishing Group}
}

@article{sibson_1977,
  title={Fault rocks and fault mechanisms},
  author={Sibson, RH},
  journal={Journal of the Geological Society},
  volume={133},
  number={3},
  pages={191--213},
  year={1977},
  publisher={Geological Society of London}
}

@article{pelties_2015,
  title={Pulse-like rupture induced by three-dimensional fault zone flower structures},
  author={Pelties, Christian and Huang, Yihe and Ampuero, Jean-Paul},
  journal={Pure and Applied Geophysics},
  volume={172},
  number={5},
  pages={1229--1241},
  year={2015},
  publisher={Springer}
}

@article{benzion_sammis_2003,
  title={Characterization of fault zones},
  author={Ben-Zion, Yehuda and Sammis, Charles G},
  journal={Pure and Applied Geophysics},
  volume={160},
  number={3-4},
  pages={677--715},
  year={2003},
  publisher={Springer}
}

@article{huang_2014,
  title={Earthquake ruptures modulated by waves in damaged fault zones},
  author={Huang, Yihe and Ampuero, Jean-Paul and Helmberger, Don V},
  journal={Journal of Geophysical Research: Solid Earth},
  volume={119},
  number={4},
  pages={3133--3154},
  year={2014},
  publisher={Wiley Online Library}
}

@article{carlson_langer_1989,
  title={Properties of earthquakes generated by fault dynamics},
  author={Carlson, Jean M and Langer, JS},
  journal={Physical Review Letters},
  volume={62},
  number={22},
  pages={2632},
  year={1989},
  publisher={APS}
}

@article{cochard_madariaga_1996,
  title={Complexity of seismicity due to highly rate-dependent friction},
  author={Cochard, A and Madariaga, R},
  journal={Journal of Geophysical Research: Solid Earth},
  volume={101},
  number={B11},
  pages={25321--25336},
  year={1996},
  publisher={Wiley Online Library}
}

@article{harris_day_1997,
  title={Effects of a low-velocity zone on a dynamic rupture},
  author={Harris, Ruth A and Day, Steven M},
  journal={Bulletin of the Seismological Society of America},
  volume={87},
  number={5},
  pages={1267--1280},
  year={1997},
  publisher={The Seismological Society of America}
}

@article{albertini_kammer_2017,
  title={Off-fault heterogeneities promote supershear transition of dynamic mode II cracks},
  author={Albertini, Gabriele and Kammer, David S},
  journal={Journal of Geophysical Research: Solid Earth},
  volume={122},
  number={8},
  pages={6625--6641},
  year={2017},
  publisher={Wiley Online Library}
}

@article{rice_benzion_1996,
  title={Slip complexity in earthquake fault models},
  author={Rice, James R and Ben-Zion, Yehuda},
  journal={Proceedings of the National Academy of Sciences},
  volume={93},
  number={9},
  pages={3811--3818},
  year={1996},
  publisher={National Acad Sciences}
}

@article{rice_1993,
  title={Spatio-temporal complexity of slip on a fault},
  author={Rice, James R},
  journal={Journal of Geophysical Research: Solid Earth},
  volume={98},
  number={B6},
  pages={9885--9907},
  year={1993},
  publisher={Wiley Online Library}
}

@article{rubin_ampuero_2005,
  title={Earthquake nucleation on (aging) rate and state faults},
  author={Rubin, AM and Ampuero, J-P},
  journal={Journal of Geophysical Research: Solid Earth},
  volume={110},
  number={B11},
  year={2005},
  publisher={Wiley Online Library}
}

@article{bezanson_2017,
  title={Julia: A fresh approach to numerical computing},
  author={Bezanson, Jeff and Edelman, Alan and Karpinski, Stefan and Shah, Viral B},
  journal={SIAM review},
  volume={59},
  number={1},
  pages={65--98},
  year={2017},
  publisher={SIAM}
}

@article{michel_2017,
  title={Pulse-like partial ruptures and high-frequency radiation at creeping-locked transition during megathrust earthquakes},
  author={Michel, Sylvain and Avouac, Jean-Philippe and Lapusta, Nadia and Jiang, Junle},
  journal={Geophysical Research Letters},
  volume={44},
  number={16},
  pages={8345--8351},
  year={2017},
  publisher={Wiley Online Library}
}

@article{bonafede_2002,
  title={On strike-slip faulting in layered media},
  author={Bonafede, Maurizio and Parenti, Beatrice and Rivalta, Eleonora},
  journal={Geophysical Journal International},
  volume={149},
  number={3},
  pages={698--723},
  year={2002},
  publisher={OUP}
}

@article{rybicki_2002,
  title={On faulting in inhomogeneous media},
  author={Rybicki, KR and Yamashita, T},
  journal={Geophysical research letters},
  volume={29},
  number={10},
  year={2002},
  publisher={Wiley Online Library}
}

@article{kanamori_1975,
  title={Theoretical basis of some empirical relations in seismology},
  author={Kanamori, Hiroo and Anderson, Don L},
  journal={Bulletin of the seismological society of America},
  volume={65},
  number={5},
  pages={1073--1095},
  year={1975},
  publisher={The Seismological Society of America}
}

@article{townend_zoback_2000,
  title={How faulting keeps the crust strong},
  author={Townend, John and Zoback, Mark D},
  journal={Geology},
  volume={28},
  number={5},
  pages={399--402},
  year={2000},
  publisher={Geological Society of America}
}

@article{rivera_kanamori_2002,
  title={Spatial heterogeneity of tectonic stress and friction in the crust},
  author={Rivera, Luis and Kanamori, Hiroo},
  journal={Geophysical Research Letters},
  volume={29},
  number={6},
  pages={12--1},
  year={2002},
  publisher={Wiley Online Library}
}

@article{unsworth_1997,
  title={Internal structure of the San Andreas fault at Parkfield, California},
  author={Unsworth, Martyn J and Malin, Peter E and Egbert, Gary D and Booker, John R},
  journal={Geology},
  volume={25},
  number={4},
  pages={359--362},
  year={1997},
  publisher={Geological Society of America}
}

@article{huang_2018,
  title={Earthquake rupture in fault zones with along-strike material heterogeneity},
  author={Huang, Yihe},
  journal={Journal of Geophysical Research: Solid Earth},
  year={2018},
  publisher={Wiley Online Library}
}

@article{caine_1996,
  title={Fault zone architecture and permeability structure},
  author={Caine, Jonathan Saul and Evans, James P and Forster, Craig B},
  journal={Geology},
  volume={24},
  number={11},
  pages={1025--1028},
  year={1996},
  publisher={Geological Society of America}
}

@article{perfettini_2003,
  title={Shear and normal load perturbations on a two-dimensional continuous fault: 2. Dynamic triggering},
  author={Perfettini, H and Schmittbuhl, J and Cochard, A},
  journal={Journal of Geophysical Research: Solid Earth},
  volume={108},
  number={B9},
  year={2003},
  publisher={Wiley Online Library}
}

@article{goes_1996,
  title={Irregular recurrence of large earthquakes: an analysis of historic and paleoseismic catalogs},
  author={Goes, Saskia DB},
  journal={Journal of Geophysical Research: Solid Earth},
  volume={101},
  number={B3},
  pages={5739--5749},
  year={1996},
  publisher={Wiley Online Library}
}

@article{shaw_1995,
  title={Frictional weakening and slip complexity in earthquake faults},
  author={Shaw, Bruce E},
  journal={Journal of Geophysical Research: Solid Earth},
  volume={100},
  number={B9},
  pages={18239--18251},
  year={1995},
  publisher={Wiley Online Library}
}

@article{fumal_2002,
  title={Evidence for large earthquakes on the San Andreas fault at the Wrightwood, California, paleoseismic site: AD 500 to present},
  author={Fumal, TE and Weldon, RJ and Biasi, GP and Dawson, TE and Seitz, GG and Frost, WT and Schwartz, DP},
  journal={Bulletin of the Seismological Society of America},
  volume={92},
  number={7},
  pages={2726--2760},
  year={2002},
  publisher={Seismological Society of America}
}

@article{blanpied_1991,
  title={Fault stability inferred from granite sliding experiments at hydrothermal conditions},
  author={Blanpied, ML and Lockner, DA and Byerlee, JD},
  journal={Geophysical Research Letters},
  volume={18},
  number={4},
  pages={609--612},
  year={1991},
  publisher={Wiley Online Library}
}

@article{blanpied_1995,
  title={Frictional slip of granite at hydrothermal conditions},
  author={Blanpied, Michael L and Lockner, David A and Byerlee, James D},
  journal={Journal of Geophysical Research: Solid Earth},
  volume={100},
  number={B7},
  pages={13045--13064},
  year={1995},
  publisher={Wiley Online Library}
}

@article{seitz_2013,
  title={An improved paleoseismic record of the San Andreas fault at Pitman Canyon},
  author={Seitz, Gordon G and Biasi, Glenn P and Weldon, Ray J},
  journal={Quaternary Geochronology},
  pages={563--566},
  year={2013},
  publisher={Wiley Online Library}
}

@article{toke_2006,
  title={Paleoseismic and postseismic observations of surface slip along the Parkfield segment of the San Andreas fault},
  author={Tok{\'e}, Nathan A and Arrowsmith, J Ram{\'o}n and Young, Jeri J and Crosby, Christopher J},
  journal={Bulletin of the Seismological Society of America},
  volume={96},
  number={4B},
  pages={S221--S238},
  year={2006},
  publisher={Seismological Society of America}
}

@article{weng_2016,
  title={Earthquake rupture extents and coseismic slips promoted by damaged fault zones},
  author={Weng, Huihui and Yang, Hongfeng and Zhang, Zhenguo and Chen, Xiaofei},
  journal={Journal of Geophysical Research: Solid Earth},
  volume={121},
  number={6},
  pages={4446--4457},
  year={2016},
  publisher={Wiley Online Library}
}

@article{li_2004,
  title={Low-velocity damaged structure of the San Andreas Fault at Parkfield from fault zone trapped waves},
  author={Li, Yong-Gang and Vidale, John E and Cochran, Elizabeth S},
  journal={Geophysical Research Letters},
  volume={31},
  number={12},
  year={2004},
  publisher={Wiley Online Library}
}

@article{li_2006,
  title={Seismic evidence for rock damage and healing on the San Andreas fault associated with the 2004 M 6.0 Parkfield earthquake},
  author={Li, Yong-Gang and Chen, Po and Cochran, Elizabeth S and Vidale, John E and Burdette, Thomas},
  journal={Bulletin of the Seismological Society of America},
  volume={96},
  number={4B},
  pages={S349--S363},
  year={2006},
  publisher={GeoScienceWorld}
}

@article{lewis_2010,
  title={Diversity of fault zone damage and trapping structures in the Parkfield section of the San Andreas Fault from comprehensive analysis of near fault seismograms},
  author={Lewis, Michael A and Ben-Zion, Yehuda},
  journal={Geophysical Journal International},
  volume={183},
  number={3},
  pages={1579--1595},
  year={2010},
  publisher={Blackwell Publishing Ltd Oxford, UK}
}

